2157 2809
141 100 372 204 cepisse
399 98 737 206 veetigah'a
763 102 936 178 testis
961 105 1051 180 est
1066 103 1323 180 Plinius,
1418 104 1604 208 (Qid
1633 107 1679 182 si
1719 104 1953 212 pelagii

144 213 344 309 pisces
359 209 518 281 infra
544 209 832 280 marium
861 207 1126 282 claustra
1166 209 1589 305 recipiantur?
1634 217 1949 313 Qamin

142 338 306 395 rem,
321 309 726 385 Illustriffime
743 313 1016 392 Comes,
1033 310 1372 387 Cimbrica
1388 313 1825 388 Chersonesus
1838 341 1945 389 ve-

144 416 355 498 stra‚si
383 440 516 513 qua
544 413 728 515 regio
752 413 893 493 alia,
919 409 1118 516 longe
1150 419 1242 489 est
1265 416 1604 513 aptissima.
1620 422 1780 488 Haec
1793 414 1942 490 sane

142 517 468 620 liquidum
480 516 749 595 faciunt,
764 539 847 588 ex
863 517 1117 612 piscinis
1146 516 1558 591 uberrimum
1575 519 1750 615 posse
1767 543 1939 618 quae-

141 625 315 698 stum
363 620 568 716 accipi
599 621 674 692 6<
704 615 964 714 publice
992 621 1227 718 pariter
1251 623 1324 695 ὅτ,
1356 622 1684 719 privatim.
1730 618 1939 694 Simul

137 750 296 800 vero
337 723 489 796 inde
517 724 607 796 est
633 722 1087 804 manifestum,
1126 750 1351 798 curam
1383 724 1772 821 piscinarum
1799 750 1942 796 non

136 850 402 902 tantum
426 851 568 898 non
586 822 894 899 dedecere
932 823 1297 922 reipublicae
1323 827 1936 909 administratorem,

135 927 245 1005 sed
258 932 458 1004 etiam
475 929 591 1001 effe
618 930 687 1001 in
714 930 850 1028 ejus
864 927 1254 1008 officio,n0n
1270 931 1489 1002 minus
1502 951 1700 1029 atque
1715 956 1935 1001 rerum

137 1033 412 1108 aliarum
441 1033 756 1105 omnium
772 1031 945 1105 civili
973 1032 1121 1105 vitae
1149 1029 1686 1106 commodarum.
1709 1033 1785 1104 In
1798 1032 1941 1104 uni-

140 1138 398 1212 versum
416 1155 641 1208 autem
669 1134 1054 1231 piscationes
1069 1134 1138 1206 in
1152 1131 1844 1215 fluminibusdacubus,
1860 1137 1938 1207 ὃς

143 1240 328 1320 mari,
354 1237 732 1335 ubicunque
761 1236 1092 1333 ipfiulinet
1119 1259 1361 1310 naturae
1390 1235 1790 1338 benignitate
1813 1236 1938 1309 uti-

138 1340 308 1425 lium
377 1342 469 1414 est
509 1340 786 1436 piscium
828 1336 1246 1422 abundantia,
1273 1365 1526 1443 magno
1553 1339 1765 1414 solent
1815 1338 1940 1411 effe

141 1443 626 1522 commodo&
656 1444 731 1515 iis
769 1456 1061 1543 quorum
1093 1445 1163 1518 in
1190 1468 1392 1543 aquas
1417 1444 1562 1517 istas
1603 1470 1681 1517 ac
1714 1442 1938 1516 littora

141 1550 438 1623 eminens
463 1547 553 1620 est
579 1546 993 1629 dominium,
1050 1549 1126 1620 ὃ(
1183 1546 1576 1644 piscantium
1614 1545 1937 1646 vulgo‚&

141 1674 495 1749 captorum
568 1647 958 1749 aquatilium
1014 1645 1448 1746 emptoribus,
1546 1651 1649 1719 Ac
1699 1649 1939 1744 postre-

141 1782 340 1830 mum
356 1750 646 1854 quidem:
665 1749 1214 1855 quandoquidem
1229 1751 1545 1849 opulenta
1575 1751 1809 1825 talium
1824 1775 1939 1847 pei:

141 1857 346 1960 longe
383 1855 622 1930 diffitas
660 1856 958 1957 regiones
999 1855 1406 1930 commercia
1433 1851 1661 1929 crebro
1690 1855 1939 1927 institu-

141 1984 484 2041 untur‚nec
498 1958 740 2032 cedunt
753 1959 952 2054 pisces
967 1959 1037 2033 in
1053 1957 1306 2033 vietum
1331 1957 1481 2032 solis
1497 1956 1723 2031 vicinis
1738 1982 1934 2055 aqua-

139 2066 216 2139 tsi
246 2063 503 2137 accolis,
519 2060 726 2162 rol
739 2062 1265 2159 Septentrionalis
1281 2060 1536 2133 Oceani
1554 2057 1940 2156 cumprimis

141 2170 233 2240 est
260 2162 678 2245 beneficium,
695 2165 764 2236 in
774 2163 1093 2268 harengis,
1112 2163 1310 2238 asellis
1325 2167 1400 2238 ὃς
1415 2162 1942 2265 cetaceis.Qan-

141 2287 211 2341 ta
226 2290 447 2341 autem
462 2267 652 2340 simul
667 2268 899 2364 populi
924 2267 1286 2341 multitudo
1301 2265 1539 2340 alicubi
1553 2266 1742 2338 unice
1756 2267 1947 2340 inser-

143 2371 242 2442 vit
268 2371 617 2465 piscatoriae
638 2371 747 2448 rei,
763 2394 896 2471 atq5
915 2370 1067 2443 inde
1094 2365 1212 2441 sibi
1239 2370 1491 2443 vietum
1509 2377 1709 2466 parat!
1730 2373 1944 2441 Autot

137 2467 339 2551 libelli
351 2474 650 2552 Batavice
665 2474 1016 2582 conscripti
1027 2477 1135 2551 De
1150 2476 1251 2554 Eo
1269 2472 1478 2576 Qod
1504 2472 1763 2552 Interest
1775 2469 1946 2646 Pliolf

1833 2595 1946 2651 ant
