2157 2809
994 116 1017 156 1
1081 116 1117 154 Ο

163 204 290 270 pere
302 200 396 244 eos
409 181 584 256 prodit
600 115 1081 251 AEiianussseliqu50
1110 188 1350 248 tempore
1369 171 1778 250 hybernolatent
1792 169 1843 227 in
1858 170 1974 246 gur-2„

170 269 381 346 git-ibus.
394 268 432 315 Ἰ
445 262 655 315 hunnos
670 263 821 328 juxta
835 256 1129 328 Hispaniam
1145 251 1324 326 glande
1348 251 1558 324 saginati
1581 251 1749 305 scribit
1765 250 1970 304 Strabo.

311 341 540 394 Hai'eces
576 377 592 398 ‚
633 339 716 404 alij
754 350 962 400 aregans
1003 343 1191 384 vocant
1224 368 1242 391 ,,
1294 329 1470 384 lovius
1515 326 1773 382 existimat
1827 330 1973 380 vete*

163 424 310 477 ribus
359 431 522 488 apuas
550 412 659 465 dici*
719 414 853 465 Sunt
883 407 972 480 q'ui
1010 405 1332 459 &menarum
1367 421 1558 479 genere
1610 400 1712 458 esse
1736 402 1968 464 tradant,

165 493 458 553 menidium
515 507 609 562 per
648 486 1047 553 diminutionem
1094 480 1308 536 diibum.
1363 480 1660 550 Capiuntur
1695 481 1968 533 circaAu-

171 575 378 649 gustum
451 563 683 622 mensem
747 567 797 615 in
836 566 961 615 mari
1004 556 1404 629 Septentrionali
1451 556 1599 628 supra
1638 557 1879 631 Angliarn
1915 571 1975 608 ac

172 655 416 704 Scotiam.
493 642 772 696 Piscatores
788 639 816 691 ἐ
833 639 1044 691 Batavis
1068 639 1117 688 δε
1139 637 1362 689 Morinis
1387 638 1658 689 maritimis
1670 636 1973 686 civitatibus

173 725 401 788 solvunt,
414 718 696 774 navibusin
724 714 829 768 hoc
854 717 1039 784 paratis
1068 753 1081 774 ,
1121 728 1251 785 quas
1278 710 1428 767 busas
1462 727 1658 764 vocant
1683 729 1695 762 ε
1717 726 1977 763 commea.—

174 819 289 859 tum
315 797 633 853 menstruum
658 795 834 866 viginti
856 803 949 844 aut
980 793 1186 857 triginta
1219 785 1524 842 hominibus
1551 783 1890 850 sufficientem
1922 803 1976 836 u.-

176 897 243 935 na
260 893 380 931 cum
402 871 603 927 retibus
627 874 678 925 δι
711 869 1062 922 instrumentis
1093 860 1381 929 necessariis
1403 860 1678 918 assumunt.
1755 860 1978 916 Retibus

175 968 394 1011 utuntur
417 949 564 1003 denis
582 964 674 1000 aut
699 943 962 999 duodenis
985 941 1114 996 ulnis
1144 940 1313 1015 longis
1334 944 1384 993 <St
1409 955 1640 1014 quatuor
1666 938 1781 993 latis
1806 979 1819 1002 ,
1849 934 1976 991 infe-

176 1034 301 1088 riori
328 1028 454 1083 fune
489 1026 731 1099 grandi&
759 1020 979 1074 robusto
1009 1023 1245 1077 munito.-
1268 1015 1573 1091 horumque
1613 1015 1978 1088 retium-plura

178 1107 330 1164 ssmul
356 1103 602 1162 nefiunt,
630 1098 873 1152 inferiore
895 1112 1036 1165 parte
1057 1110 1271 1166 propter
1295 1093 1436 1150 funis
1468 1092 1677 1166 pondus
1699 1090 1980 1152 desidente,

180 1192 233 1239 δε
254 1183 755 1251 superiote-propter
772 1185 1032 1228 annexum
1058 1171 1204 1226 suber
1227 1188 1456 1226 natante.
1531 1168 1744 1240 Vesperi
1765 1168 1979 1221 subcre—
2040 1186 2045 1190 ·

178 1257 456 1336 puseolum
479 1254 655 1322 ejecitis
682 1253 825 1312 linis,
841 1249 1053 1303 haleces-
1070 1249 1271 1301 ulttoin
1288 1264 1424 1299 retra
1442 1245 1489 1299 se
1501 1244 1982 1315 conjiciunt,b.ran÷-

181 1334 406 1406 eliasque
443 1329 688 1383 inserunt.
741 1326 1022 1378 Piscatores
1042 1324 1104 1377 ad
1142 1321 1299 1378 stadia
1343 1322 1546 1395 aliquot
1577 1320 1973 1394 provehunture

180 1414 271 1470 ubi
296 1411 522 1468 sentiunt
548 1401 816 1476 pondus,
850 1420 979 1455 mox
1010 1399 1252 1454 trochleis
1277 1404 1403 1453 retia
1436 1401 1734 1466 exprimunt
1766 1413 1982 1471 propter

181 1497 451 1559 ingentem
499 1485 702 1550 copiam
739 1494 1053 1551 tantumque
1084 1475 1324 1549 pondus»,
1351 1474 1495 1548 quod
1537 1481 1660 1529 citra
1690 1474 1800 1529 haec
1830 1474 1985 1528 admi·

182 1563 349 1620 nicula
374 1557 597 1613 educere
614 1572 721 1608 non
736 1570 929 1627 queant
954 1574 970 1605 s
992 1571 1106 1616 nam
1132 1553 1411 1625 aliquoties
1431 1552 1561 1606 ultra
1587 1569 1829 1606 centenas
1854 1557 1983 1606 tinas

180 1645 405 1715 capiunt.
460 1670 463 1675 »
487 1634 696 1689 Cavent
734 1647 791 1685 ut
812 1629 1422 1703 opus-conficiantno&u
1441 1666 1454 1692 -‚
1472 1647 1594 1683 nam
1622 1628 1871 1684 starimad
1894 1647 1980 1683 au-

185 1734 355 1775 roram
393 1710 666 1766 elabuntur
701 1706 923 1762 haleceS.
1009 1706 1302 1763 Periculosa
1333 1710 1403 1760 est
1434 1705 1646 1780 piscati-o
1669 1747 1682 1768 ,
1708 1723 1825 1760 nam
1863 1705 1981 1761 raro

182 1797 271 1851 diu
306 1787 593 1863 'supersunt
648 1784 939 1857 piscatores.
1011 1787 1173 1843 Aiunt
1187 1783 1465 1858 aliquoties
1511 1800 1664 1836 unam
1703 1782 1978 1837 mulierem

181 1876 416 1947 quinque
429 1880 519 1919 aut
540 1866 626 1926 sex
652 1868 869 1917 maritos
894 1879 1003 1915 uno
1030 1878 1166 1914 anno
1180 1859 1515 1914 succedentes
1537 1864 1790 1913 amittere.
1818 1887 1823 1889 Δ

323 1943 476 1998 Piscis
502 1941 774 1993 induratus
792 1940 917 1991 mari
962 1936 1346 2008 septentrionali
1372 1941 1507 1989 circa
1533 1936 1744 1990 insulam
1761 1931 1977 1988 Thulen

182 2030 387 2095 capitur
402 2023 451 2073 in
473 2020 711 2071 maximis
725 2015 1007 2087 rigoribus.-
1022 2019 1110 2086 qui
1131 2028 1392 2067 exiccatus
1416 2030 1418 2032 ’
1440 2012 1658 2067 fustibus
1684 2010 1978 2082 malleisque

181 2098 382 2154 rursum
401 2093 646 2150 mollitur.
703 2096 740 2146 E
768 2109 956 2165 genere
977 2088 1522 2145 Afellotumcreditur.
1580 2087 1979 2144 Aliimerlucam

184 2173 285 2230 effe
313 2172 519 2226 volunt.
598 2172 822 2242 Capitur
844 2172 926 2237 (ut
947 2173 1113 2237 ajunt)
1134 2166 1350 2221 retibus.

308 2249 592 2320 Spongiam
623 2242 812 2299 animal
839 2239 937 2299 effe
972 2245 1164 2298 docent
1192 2242 1382 2298 Plinius
1415 2245 1464 2296 &
1497 2243 1771 2315 Oppianus
1795 2282 1808 2303 ‚
1833 2240 1979 2312 quod

182 2341 422 2382 cruorem
446 2323 629 2376 habeat
657 2321 1013 2375 inhaerentem.
1085 2320 1262 2391 Aliqui
1291 2334 1496 2372 narrant
1518 2323 1670 2372 etiam
1691 2321 1870 2372 auditu
1897 2336 1978 2371 ve-

179 2404 233 2458 hi
253 2419 337 2456 eas
353 2442 365 2463 ‚
379 2397 719 2471 contrahique
733 2397 797 2452 ad
815 2397 1017 2457 sonum,
1035 2393 1378 2467 exprimentes
1405 2393 1767 2449 abundantiam
1793 2392 1981 2447 humo.

180 2485 388 2541 rismec
407 2474 553 2530 avelli
576 2479 736 2545 petris
764 2471 908 2545 posse
952 2470 1041 2527 nifi
1095 2469 1459 2525 rescindantur.
1519 2473 1777 2541 -Captura
1801 2485 1981 2523 autem

178 2571 363 2615 eorum
398 2549 695 2625 periculosa.
778 2551 917 2605 Nam
951 2547 1171 2623 piscator
1192 2547 1410 2604 εάοᾶιιε
1432 2548 1663 2622 spiritum
1696 2551 1981 2604 continere,

1854 2621 1884 2673 a
1902 2617 1990 2673 so-
