2157 2809
98 121 250 196 sunt'
277 112 560 195 melioris
585 117 818 190 cultus,
907 113 1082 294 1{am
1110 134 1267 190 vero
1296 106 1401 189 vix
1423 108 1913 210 pecuariaequae

95 227 259 298 citra
288 222 793 296 controversiam
831 245 904 293 ru
961 221 1072 291 icae
1109 245 1253 314 pars
1294 272 1311 297 ,
1382 221 1595 315 major
1635 215 1718 287 ad
1746 216 1917 297 civis

94 327 230 401 lem
244 327 624 400 felicitatem
652 322 978 395 neceffitas
994 324 1082 394 est
1108 347 1314 420 quam
1344 321 1652 414 piscium:
1682 317 1727 388 s1
1745 319 1892 388 sane

94 433 171 502 ὃς
191 431 432 503 horum
461 426 562 504 vel
587 420 1013 521 suppetat'vel
1046 445 1243 522 queat
1267 423 1476 517 parari
1502 421 1658 518 justa
1691 418 1893 490 abun-

93 532 331 604 dantia.
359 535 671 606 Fructum
687 550 910 601 autem
937 527 1066 600 five
1097 524 1476 625 quaestumfi
1503 523 1892 617 specstemuS,

96 642 245 708 ante
261 634 489 704 omnia
514 652 734 718 ratum
767 630 886 701 effe
917 649 1203 723 oportet,
1218 628 1418 722 pretia
1447 651 1663 697 rerum
1694 650 1768 694 ex
1798 624 1891 694 in-

93 736 380 836 digentia
420 734 693 833 quidem
719 733 862 805 vim
892 732 1212 824 accipere,
1245 729 1451 823 ipsam
1482 748 1704 798 autem
1734 723 1895 795 indi-

92 843 392 939 gentiam
427 837 872 933 saepenumero
904 831 1269 907 hominum
1284 828 1448 902 falsis
1463 829 1664 900 etiam
1685 829 1756 897 &
1775 826 1892 898 ini-

88 941 238 1038 quis
271 936 733 1035 cupiditatibus
790 933 1099 1008 aestimari.
1235 938 1384 1039 ἔξω]
1435 927 1591 1005 vero
1636 956 1713 1000 ex
1752 929 1888 1027 agri

88 1044 169 1116 ’ὃς
222 1041 531 1138 pecuariae
597 1040 686 1110 rei
742 1037 990 1108 cultura
1053 1034 1216 1109 solet
1269 1033 1540 1131 quidem
1607 1030 1893 1126 plerum-

91 1169 221 1242 que
253 1144 462 1216 lautus
502 1141 707 1235 accipi
734 1141 1008 1212 fruetus:
1054 1136 1385 1208 interdum
1427 1157 1653 1205 tamen
1693 1159 1765 1204 ea
1796 1134 1888 1204 est

92 1246 298 1319 vilitas
329 1265 490 1317 terra
530 1242 938 1316 nascentium
965 1238 1459 1334 pecudumque,
1490 1236 1584 1305 uti
1624 1233 1886 1306 nullum

89 1348 296 1425 ferme
309 1373 520 1443 operae
533 1347 610 1419 fit
639 1344 743 1418 vel
758 1342 1202 1438 impensarum
1227 1339 1591 1435 praemium.
1612 1336 1681 1407 ld
1699 1333 1888 1433 quod

81 1449 196 1523 rilla
211 1476 354 1550 quae
382 1449 581 1523 hodie
611 1446 840 1543 paffim
867 1444 933 1516 in
950 1442 1300 1516 Germania
1325 1443 1416 1513 est
1429 1440 1582 1512 ruris
1609 1462 1892 1533 prov-en-

91 1573 285 1625 tuum
314 1553 498 1632 ratio,
526 1551 816 1624 nimium
841 1561 1167 1646 quantum
1203 1545 1550 1615 attestatur.
1657 1538 1886 1637 Qud?

90 1655 282 1754 quod
308 1658 443 1751 jam
477 1678 624 1726 tum
637 1657 738 1724 M.
755 1648 1061 1723 Varronis
1095 1672 1258 1725 aevo,
1273 1647 1340 1715 in
1359 1650 1591 1716 Romae
1612 1638 1773 1717 Urbi
1798 1640 1890 1711 vi-

97 1758 257 1831 cinis
287 1759 452 1858 agris
477 1809 494 1836 ,
537 1755 701 1828 villae
742 1751 1072 1824 nonnullae
1099 1748 1475 1845 pastionum
1505 1745 1767 1816 suarum
1797 1742 1891 1814 lu-

100 1886 213 1934 cro
246 1860 446 1959 longe
487 1856 838 1953 superarint
864 1852 1104 1925 fundos
1132 1856 1421 1952 integros
1449 1870 1887 1920 centenorum

98 1963 353 2061 aliquot
364 1966 660 2060 jugerum
677 1988 690 2026 ε
721 1954 1288 2029 excandefaciente
1301 1952 1617 2024 nimirum
1644 1945 1887 2019 macel-

97 2064 143 2138 li
178 2089 516 2137 annonam
545 2058 877 2133 immensae
906 2060 980 2127 <Sc
1008 2054 1499 2150 opulentiffimae
1518 2047 1712 2126 Urbis
1753 2074 1893 2121 ma-

102 2192 230 2263 gna
243 2165 503 2237 luxuria.
605 2169 776 2234 Non
790 2158 1060 2259 quidem
1089 2156 1359 2229 fortaffis
1385 2152 1586 2225 hodie
1604 2151 1783 2222 idem
1812 2176 1891 2221 ex

102 2266 392 2338 villaticis
424 2262 858 2360 pastionibus(
873 2282 946 2331 ut
972 2285 1114 2356 quae
1154 2284 1330 2330 nunc
1359 2254 1535 2327 haud
1565 2255 1895 2326 instituun-·

104 2388 210 2438 tur
267 2367 518 2460 uspiam
575 2372 888 2437 Romano
931 2384 1144 2433 vetere
1175 2384 1382 2436 more,
1401 2383 1520 2427 nec
1560 2377 1892 2450 emptores

103 2468 355 2544 multos
396 2467 568 2542 adeo
609 2463 1004 2546 invenerint)
1034 2459 1378 2559 exspectari
1418 2460 1631 2556 potest
1644 2486 1662 2537 5
1695 2482 1909 2556 quam.

801 2566 889 2661 >³(
916 2566 1124 2661 ΝΜ
1752 2578 1900 2635 tum
